<?xml version="1.0" encoding="UTF-8"?><collection><record><leader>07780ntm a2200889 a 4500</leader><controlfield tag="001">006818976</controlfield><controlfield tag="003">MiAaHDL</controlfield><controlfield tag="005">20190719000000.0</controlfield><controlfield tag="006">m        d        </controlfield><controlfield tag="007">cr bn ---auaua</controlfield><controlfield tag="008">090616s1937    ua            00| ||ara d</controlfield><datafield tag="035" ind1=" " ind2=" "><subfield code="a">(MiU)006818976</subfield></datafield><datafield tag="035" ind1=" " ind2=" "><subfield code="a">sdr-miu006818976</subfield></datafield><datafield tag="040" ind1=" " ind2=" "><subfield code="a">MiU</subfield><subfield code="c">MiU</subfield><subfield code="e">amremm</subfield></datafield><datafield tag="043" ind1=" " ind2=" "><subfield code="a">n-us-mi</subfield></datafield><datafield tag="100" ind1="0" ind2=" "><subfield code="6">880-01</subfield><subfield code="a">Fārābī.</subfield></datafield><datafield tag="245" ind1="1" ind2="0"><subfield code="6">880-02</subfield><subfield code="a">Hādhihi Majmūʻah min taʼlīfāt al-muʻallim al-thānī Abī Naṣr al-Fārābī tashtamilu ʻalá thamāniyat rasāʼil awwaluhā Risālat al-Jamʻ bayna al-raʼyayn al-Aflāṭūnī wa-al-Arisṭī,</subfield><subfield code="f">[1355, i.e. 1937].</subfield></datafield><datafield tag="246" ind1="3" ind2="8"><subfield code="a">مجموعة ابي نصر الفارابي</subfield></datafield><datafield tag="246" ind1="3" ind2=" "><subfield code="i">Title from heading at opening on p.2:</subfield><subfield code="a">مجموعة تجمع بين دفتيها ثمانية رسائل للامام الهمام المعلم الثاني ابي نصر الفارابي</subfield></datafield><datafield tag="260" ind1=" " ind2=" "><subfield code="a">[Egypt?,</subfield><subfield code="c">1937].</subfield></datafield><datafield tag="300" ind1=" " ind2=" "><subfield code="a">81 leaves :</subfield><subfield code="b">paper ;</subfield><subfield code="c">310 x 212 (250-260 x 136) mm. bound to 322 x 217 mm.</subfield></datafield><datafield tag="500" ind1=" " ind2=" "><subfield code="a">Shelfmark: Ann Arbor, University of Michigan, Special Collections Library, Isl. Ms. 906</subfield></datafield><datafield tag="500" ind1=" " ind2=" "><subfield code="a">Origin: As appears in colophon on p.162, transcription completed 19 Dhū al-Qaʻdah [13]55, corresponding to the 1st of February [19]37 and the 24th of Ṭūbah [1653].</subfield></datafield><datafield tag="500" ind1=" " ind2=" "><subfield code="a">Former shelfmark: Mich. Isl. Ms. temp. no. 55</subfield></datafield><datafield tag="500" ind1=" " ind2=" "><subfield code="a">Binding: Boards covered in dark green cloth with dark green leather over spine (quarter binding) ; Western style binding ; pastedowns and flyleaves in wove paper printed with a floral vegetal pattern in green ; spine gold-stamped with title, author and owner, as well as decorative accents over raised bands "مجموعة ابي نصر الفارابي | J.H.D." ; sewing difficult to examine but appears to be over cords, in white thread, five stations ; stuck-on endbands ; overall in fairly good condition.</subfield></datafield><datafield tag="500" ind1=" " ind2=" "><subfield code="a">Support: Lined / ruled wove paper.</subfield></datafield><datafield tag="500" ind1=" " ind2=" "><subfield code="a">Script: Ruqʻah ; quick, compact, modern hand in a medium line ; serifless and freely ligatured with mainly closed counters, slight effect of words descending to baseline, pointing somewhat careless and in strokes rather than distinct dots.</subfield></datafield><datafield tag="500" ind1=" " ind2=" "><subfield code="a">Layout: Written mainly in 26 lines per page.</subfield></datafield><datafield tag="500" ind1=" " ind2=" "><subfield code="a">Collation: i, 20 II(81), i ; quire numbering in the form of Hindu-Arabic numerals surmounted by kāf appears on the opening recto of each of the first three quires ; pagination in black ink, Hindu-Arabic numerals ; pagination in pencil, Western numerals, supplied during digitization.</subfield></datafield><datafield tag="500" ind1=" " ind2=" "><subfield code="a">Colophon: "Scribal," rectangular, reads "وكان الفراغ من تسويد هذه الرسالة في يوم الاثنين الموافق ١٩ من ذي القعدة ٥٥ وغرة فبراير س ٣٧ ق ٢٤ طوبة"</subfield></datafield><datafield tag="500" ind1=" " ind2=" "><subfield code="a">Title from inscription on 'title page' (p.1).</subfield></datafield><datafield tag="500" ind1=" " ind2=" "><subfield code="a">Ms. codex.</subfield></datafield><datafield tag="505" ind1="0" ind2=" "><subfield code="a">10. p.85-p.162 : al-Risālah al-tāsiʻah min al-rasāʼil al-Fārābīyah hiya al-risālah al-maʻrūfah bi-Ārāʼ ahl al-madīnah al-fāḍilah wa-hiya fī al-aṣl al-Risālah al-Aflāṭūnīyah al-shahīrah bi-Jumhūrīyat Aflāṭun / al-Fārābī.</subfield></datafield><datafield tag="505" ind1="0" ind2=" "><subfield code="a">9. p.83-p.85 : Min al-Risālah al-thāminah wa-hiya Nukat Abī Naṣr fīmā yaṣiḥḥu wa mā lā yaṣṣiḥu min aḥkām al-nujūm / al-Fārābī.</subfield></datafield><datafield tag="505" ind1="0" ind2=" "><subfield code="a">8. p.79-p.83 : Min al-Risālah al-sābiʻah fī masāʼil wa-ajwabatihā / al-Fārābī.</subfield></datafield><datafield tag="505" ind1="0" ind2=" "><subfield code="a">7. p.62-p.79 : al-Risālah al-sādisah min al-thamāniyah Risālat al-Fuṣūṣ/ al-Fārābī.</subfield></datafield><datafield tag="505" ind1="0" ind2=" "><subfield code="a">6. p.48-62 : al-Risālah al-khāmisah min al-thamāniyah ʻUyūn al-masāʼil / al-Fārābī.</subfield></datafield><datafield tag="505" ind1="0" ind2=" "><subfield code="a">5. p.41-p.48 : al-Risālah al-rābiʻah min al-thamāniyah fīmā yanbaghī an yuqaddam qabla taʻallum al-falsafah / al-Fārābī.</subfield></datafield><datafield tag="505" ind1="0" ind2=" "><subfield code="a">4. p.33-p.41 : al-Risālah al-thālithah min al-thamāniyah fī maʻānī al-ʻaql / al-Fārābī.</subfield></datafield><datafield tag="505" ind1="0" ind2=" "><subfield code="a">3. p.30-33 : al-Risālah al-thānīyah min al-thamāniyah Maqālah sharīfah lil-muʻallim al-thānī Abī Naṣr al-Fārābī fī aghrāḍ al-muʻallim al-awwal fī kull maqālah min maqālāt Kitāb Mā baʻd al-ṭabīʻah al-mawsūm bi-al-Ḥurūf / al-Fārābī.</subfield></datafield><datafield tag="505" ind1="0" ind2=" "><subfield code="a">2. p.3-p.29 : al-Risālah al-ūlá fī al-jamʻ bayna al-raʼyayn / al-Fārābī.</subfield></datafield><datafield tag="505" ind1="0" ind2=" "><subfield code="a">1. p.1-p.2 : [preface].</subfield></datafield><datafield tag="510" ind1="4" ind2=" "><subfield code="a">Walzer, R. "alFārābī, Abū Naṣr Muḥammad b. Muḥammad b. Tark̲h̲ān b. Awzalag̲h̲(uzlug̲h̲?)." In EI2,</subfield><subfield code="c">vol.II, p.778, col.2</subfield></datafield><datafield tag="510" ind1="4" ind2=" "><subfield code="a">Brockelmann, C. GAL,</subfield><subfield code="c">I 210 ; S I 375 ff.</subfield></datafield><datafield tag="520" ind1="8" ind2=" "><subfield code="a">Careful copy of a collection (majmūʻah) of works by the renowned Muslim philosopher, Abū Naṣr Muḥammad ibn Muḥammad ibn Tarkhān al-Fārābī, referred to as Alfarabius or Avennasar in Latin texts, known as "the second teacher" (المعلم الثاني), the first being Aristotle.</subfield></datafield><datafield tag="538" ind1=" " ind2=" "><subfield code="a">Mode of access: Internet.</subfield></datafield><datafield tag="541" ind1=" " ind2=" "><subfield code="a">Acquired in the Fall of 1950.</subfield></datafield><datafield tag="546" ind1=" " ind2=" "><subfield code="a">Arabic.</subfield></datafield><datafield tag="561" ind1=" " ind2=" "><subfield code="a">On upper pastedown label with ex libris of James Heyworth-Dunne (d.1974), stamped with inventory number, "Ex Libris | J. Heyworth-Dunne | D. Lit. (London) | No 7945" ; possible former inventory mark in pencil on 'title page' (p.1) "231 / 53" ; UM Library inscription on p.5 "Dunning | Heyworth-Dunne | 6-13-51 | 71955" ; many marginal glosses ; notabilia (side-heads).</subfield></datafield><datafield tag="600" ind1="0" ind2="0"><subfield code="a">Aristotle</subfield><subfield code="x">Criticism and interpretation</subfield><subfield code="v">Early works to 1800.</subfield></datafield><datafield tag="600" ind1="0" ind2="0"><subfield code="a">Plato.</subfield><subfield code="t">Critias</subfield><subfield code="x">Criticism and interpretation</subfield><subfield code="v">Early works to 1800.</subfield></datafield><datafield tag="650" ind1=" " ind2="0"><subfield code="a">Manuscripts, Arabic</subfield><subfield code="z">Michigan</subfield><subfield code="z">Ann Arbor.</subfield></datafield><datafield tag="650" ind1=" " ind2="0"><subfield code="a">Islamic philosophy</subfield><subfield code="v">Early works to 1800.</subfield></datafield><datafield tag="700" ind1="1" ind2=" "><subfield code="a">Heyworth-Dunne, J.</subfield><subfield code="q">(James),</subfield><subfield code="e">former owner.</subfield></datafield><datafield tag="740" ind1="0" ind2="2"><subfield code="6">880-13</subfield><subfield code="a">Ārāʼ ahl al-madīnah al-fāḍilah</subfield></datafield><datafield tag="740" ind1="0" ind2="2"><subfield code="6">880-12</subfield><subfield code="a">Nukat Abī Naṣr fīmā yaṣiḥḥu wa mā lā yaṣṣiḥu min aḥkām al-nujūm</subfield></datafield><datafield tag="740" ind1="0" ind2="2"><subfield code="6">880-11</subfield><subfield code="a">Risālah fī masāʼil wa-ajwabatihā</subfield></datafield><datafield tag="740" ind1="0" ind2="2"><subfield code="6">880-09</subfield><subfield code="a">Risālat al-Fuṣūṣ</subfield></datafield><datafield tag="740" ind1="0" ind2="2"><subfield code="6">880-08</subfield><subfield code="a">ʻUyūn al-masāʼil</subfield></datafield><datafield tag="740" ind1="0" ind2="2"><subfield code="6">880-07</subfield><subfield code="a">Risālah fīmā yanbaghī an yuqaddam qabla taʻallum al-falsafah</subfield></datafield><datafield tag="740" ind1="0" ind2="2"><subfield code="6">880-06</subfield><subfield code="a">Risālah fī maʻānī al-ʻaql</subfield></datafield><datafield tag="740" ind1="0" ind2="2"><subfield code="6">880-05</subfield><subfield code="a">Maqālah fī aghrāḍ al-muʻallim al-awwal fī kull maqālah min maqālāt Kitāb Mā baʻd al-ṭabīʻah al-mawsūm bi-al-Ḥurūf</subfield></datafield><datafield tag="740" ind1="0" ind2="2"><subfield code="6">880-04</subfield><subfield code="a">Risālat al-Jamʻ bayna al-raʼyayn al-Aflāṭūnī wa-al-Arisṭī</subfield></datafield><datafield tag="740" ind1="0" ind2="2"><subfield code="6">880-03</subfield><subfield code="t">Jamʻ bayna raʼyay al-ḥakīmayn</subfield></datafield><datafield tag="773" ind1="0" ind2=" "><subfield code="a">Heyworth-Dunne Collection.</subfield></datafield><datafield tag="880" ind1="0" ind2="2"><subfield code="6">740-13/</subfield><subfield code="a">آراء اهل المدينة الفاضلة</subfield></datafield><datafield tag="880" ind1="0" ind2="2"><subfield code="6">740-12/</subfield><subfield code="a">نكت ابي نصر فيما يصح وما لا يصح من احكام النجوم</subfield></datafield><datafield tag="880" ind1="0" ind2="2"><subfield code="6">740-11/</subfield><subfield code="a">رسالة في مسائل واجوبتها</subfield></datafield><datafield tag="880" ind1="0" ind2="2"><subfield code="6">740-09/</subfield><subfield code="a">رسالة الفصوص</subfield></datafield><datafield tag="880" ind1="0" ind2="2"><subfield code="6">740-08/</subfield><subfield code="a">عيون المسائل</subfield></datafield><datafield tag="880" ind1="0" ind2="2"><subfield code="6">740-07/</subfield><subfield code="a">رسالة فيما ينبغي ان يقدم قبل تعلم الفلسفة</subfield></datafield><datafield tag="880" ind1="0" ind2="2"><subfield code="6">740-06/</subfield><subfield code="a">رسالة في معاني العقل</subfield></datafield><datafield tag="880" ind1="0" ind2="2"><subfield code="6">740-05/</subfield><subfield code="a">مقالة في اغراض المعلم الاول في كل مقالة من مقالات كتاب ما بعد الطبيعة الموسوم بالحروف</subfield></datafield><datafield tag="880" ind1="0" ind2="2"><subfield code="6">740-04/</subfield><subfield code="a">رسالة الجمع بين الرأيين الافلاطوني والارسطي</subfield></datafield><datafield tag="880" ind1="0" ind2="2"><subfield code="6">740-03/</subfield><subfield code="t">جمع بين رأيي الحكيمين</subfield></datafield><datafield tag="880" ind1="1" ind2="0"><subfield code="6">245-02/</subfield><subfield code="a">هذه مجموعة من تأليفات المعلم الثاني ابي نصر الفارابي تشتمل على ثمانية رسائل اولها رسالة الجمع بين الرأيين الافلاطوني والارسطي,</subfield><subfield code="f">[1355ه، 1937م].</subfield></datafield><datafield tag="880" ind1="0" ind2=" "><subfield code="6">100-01/</subfield><subfield code="a">فارابي.</subfield></datafield><datafield tag="CID" ind1=" " ind2=" "><subfield code="a">006818976</subfield></datafield><datafield tag="DAT" ind1="0" ind2=" "><subfield code="a">20190719102639.0</subfield><subfield code="b">20190719000000.0</subfield></datafield><datafield tag="DAT" ind1="1" ind2=" "><subfield code="a">20190719090653.0</subfield><subfield code="b">2019-07-19T16:10:58Z</subfield></datafield><datafield tag="DAT" ind1="2" ind2=" "><subfield code="a">2015-10-02T18:00:03Z</subfield></datafield><datafield tag="CAT" ind1=" " ind2=" "><subfield code="a">SDR-MIU</subfield><subfield code="d">EX LIBRIS - ALEPH</subfield><subfield code="l">prepare.pl-004-008</subfield></datafield><datafield tag="FMT" ind1=" " ind2=" "><subfield code="a">BK</subfield></datafield><datafield tag="HOL" ind1=" " ind2=" "><subfield code="0">sdr-miu006818976</subfield><subfield code="a">MiU</subfield><subfield code="b">SDR</subfield><subfield code="c">MIU</subfield><subfield code="p">mdp.39015079130194</subfield><subfield code="s">MIU</subfield><subfield code="1">006818976</subfield></datafield><datafield tag="974" ind1=" " ind2=" "><subfield code="b">MIU</subfield><subfield code="c">MIU</subfield><subfield code="d">20190719</subfield><subfield code="s">lit-dlps-dc</subfield><subfield code="u">mdp.39015079130194</subfield><subfield code="y">1937</subfield><subfield code="r">ic-world</subfield><subfield code="q">man</subfield></datafield></record></collection>